%%% Add references here
%% E.g.,

@article{vapnik1994measuring,
  title={Measuring the VC-dimension of a learning machine},
  author={Vapnik, Vladimir and Levin, Esther and Cun, Yann Le},
  journal={Neural computation},
  volume={6},
  number={5},
  pages={851--876},
  year={1994},
  publisher={MIT Press}
}
